@article{fullsack1995arbitrary,
  title={An arbitrary Lagrangian-Eulerian formulation for creeping flows and its application in tectonic models},
  author={Fullsack, Philippe},
  journal={Geophysical Journal International},
  volume={120},
  number={1},
  pages={1--23},
  year={1995},
  publisher={Oxford University Press}
}

@article{kronbichler2012high,
  title={High accuracy mantle convection simulation through modern numerical methods},
  author={Kronbichler, Martin and Heister, Timo and Bangerth, Wolfgang},
  journal={Geophysical Journal International},
  volume={191},
  number={1},
  pages={12--29},
  year={2012},
  publisher={Oxford University Press}
}

@article{dealII82,
  title = {The \texttt{deal.II} Library, Version 8.2},
  author = {W. Bangerth and T. Heister and L. Heltai
            and G. Kanschat and M. Kronbichler
            and M. Maier and B. Turcksin
            and T. D. Young},
  journal = {Archive of Numerical Software},
  volume = 3,
  year = {2015},
}

@article{kaus2010stabilization,
  title={A stabilization algorithm for geodynamic numerical simulations with a free surface},
  author={Kaus, Boris JP and M{\"u}hlhaus, Hans and May, Dave A},
  journal={Physics of the Earth and Planetary Interiors},
  volume={181},
  number={1},
  pages={12--20},
  year={2010},
  publisher={Elsevier}
}

@article{crameri2012comparison,
  title={A comparison of numerical surface topography calculations in geodynamic modelling: An evaluation of the ‘sticky air’method},
  author={Crameri, F and Schmeling, H and Golabek, GJ and Duretz, T and Orendt, R and Buiter, SJH and May, DA and Kaus, BJP and Gerya, TV and Tackley, PJ},
  journal={Geophysical Journal International},
  volume={189},
  number={1},
  pages={38--54},
  year={2012},
  publisher={Oxford University Press}
}

@article{quinquis2011role,
  title={The role of boundary conditions in numerical models of subduction zone dynamics},
  author={Quinquis, Matthieu ET and Buiter, Susanne JH and Ellis, Susan},
  journal={Tectonophysics},
  volume={497},
  number={1},
  pages={57--70},
  year={2011},
  publisher={Elsevier}
}

@article{thieulot2011fantom,
  title={FANTOM: Two-and three-dimensional numerical modelling of creeping flows for the solution of geological problems},
  author={Thieulot, Cedric},
  journal={Physics of the Earth and Planetary Interiors},
  volume={188},
  number={1},
  pages={47--68},
  year={2011},
  publisher={Elsevier}
}

@article{furuichi2015implicit,
  title={Implicit solution of the material transport in Stokes flow simulation: Toward thermal convection simulation surrounded by free surface},
  author={Furuichi, Mikito and May, Dave A},
  journal={Computer Physics Communications},
  volume={192},
  pages={1--11},
  year={2015},
  publisher={Elsevier}
}

@article{mickens2005dynamic,
  title={Dynamic consistency: a fundamental principle for constructing nonstandard finite difference schemes for differential equations},
  author={Mickens, Ronald E},
  journal={Journal of Difference Equations and Applications},
  volume={11},
  number={7},
  pages={645--653},
  year={2005},
  publisher={Taylor \& Francis}
}

@article{mickens2002nonstandard,
  title={Nonstandard finite difference schemes for differential equations},
  author={Mickens, Ronald E},
  journal={The Journal of Difference Equations and Applications},
  volume={8},
  number={9},
  pages={823--847},
  year={2002},
  publisher={Taylor \& Francis}
}

@article{burstedde2011p4est,
  title={p4est: Scalable algorithms for parallel adaptive mesh refinement on forests of octrees},
  author={Burstedde, Carsten and Wilcox, Lucas C and Ghattas, Omar},
  journal={SIAM Journal on Scientific Computing},
  volume={33},
  number={3},
  pages={1103--1133},
  year={2011},
  publisher={SIAM}
}
@article{kramer2012implicit,
  title={An implicit free surface algorithm for geodynamical simulations},
  author={Kramer, Stephan C and Wilson, Cian R and Davies, D Rhodri},
  journal={Physics of the Earth and Planetary Interiors},
  volume={194},
  pages={25--37},
  year={2012},
  publisher={Elsevier}
}
